@book{Burrows,
author={Burrows, Millar},
title={The {D}ead {S}ea {S}crolls},
publisher={Moody Press, Chicago},
year=1986
}

@article{Perry,
author={Perry, Andrew},
title={Did the {NT} writers \en``quote''\hu\ the {S}eptuagint?},
note={Updated online at \url{https://www.academia.edu/5763813/Did_the_NT_Writers_Quote_the_LXX}},
journal={Christadelphian EJournal of Biblical Interpretation},
volume=7,
number=2,
year=2013,
pages={59-78}
}

@incollection{deVriesKarrer,
booktitle={Textual History and the Reception of {S}cripture in Early {C}hristianity},
editors={Johannes de Vries and Martin Karrer},
publisher={Society of Biblical Literature},
year=2013,
title={Early {C}hristian Quotations and the Textual History of the {S}eptuagint:
A Summary of the {W}uppertal Research Project and Introduction to the Volume},
author={Johannes de Vries and Martin Karrer}
}

@book{JobesSilva,
title={Invitation to the {S}eptuagint},
publisher={Baker Academic},
year=2000,
address={Grand Rapids},
author={Karen H. Jobes and Mois\'es Silva}
}

@book{FaganBeck,
author={Fagan, Brian M. and Beck, Charlotte},
title={The Oxford Companion to Archeology},
publisher={Oxford University Press},
year=1996
}

@phdthesis{SungKukKim,
author={Sung Kuk Kim},
year=2013,
title={Psalms in the {B}ook of {R}evelation},
school={University of Edinburgh},
}

@book{Pfeiffer,
author={Robert Henry Pfeiffer},
title={Introduction to the {O}ld {T}estament},
publisher={Harper},
address={New York},
year=1948}

@book{GeislerNix,
author={Norman Geisler and William Nix},
title={A General Introduction to the {B}ible},
publisher={Moody Press},
year=1986}

@misc{Benner,
author={Jeff Benner},
title={The {G}reat {I}saiah {S}croll and the {M}asoretic {T}ext},
howpublished={\url{https://www.ancient-hebrew.org/dss/great-isaiah-scroll-and-the-masoretic-text.htm}}
}

@misc{Gleason,
author={Joseph Gleason},
title={{M}asoretic {T}ext vs. Original {H}ebrew},
howpublished={\url{https://theorthodoxlife.wordpress.com/2012/03/12/masoretic-text-vs-original-hebrew/}},
year=2012
}

@book{UFO,
author={Magyar Bibliatársulat},
title={Biblia. Revideált új fordítás},
publisher={A Magyarországi Református Egyház Kálvin János Kiadója},
year=2014
}

@book{Csia,
author={Csia Lajos},
title={Újszövetség},
_publisher={Új {B}érea},
publisher={Százszorszép},
year=2005
}
